@article{middelberg2008high,
  title={High resolution radio astronomy using very long baseline interferometry},
  author={Middelberg, Enno and Bach, Uwe},
  journal={Reports on Progress in Physics},
  volume={71},
  number={6},
  pages={066901},
  year={2008},
  publisher={IOP Publishing}
}
@article{smith1997scientist,
  title={The scientist and engineer's guide to digital signal processing},
  author={Smith, Steven W and others},
  year={1997},
  publisher={California Technical Pub. San Diego}
}
@article{vaidyanathan1990multirate,
  title={Multirate digital filters, filter banks, polyphase networks, and applications: A tutorial},
  author={Vaidyanathan, Parishwad P},
  journal={Proceedings of the IEEE},
  volume={78},
  number={1},
  pages={56--93},
  year={1990},
  publisher={IEEE}
}
@article{harris2007parallel,
  title={Parallel prefix sum (scan) with CUDA},
  author={Harris, Mark and Sengupta, Shubhabrata and Owens, John D},
  journal={GPU gems},
  volume={3},
  number={39},
  pages={851--876},
  year={2007}
}